<record><leader>00000cas a2200000 a 4500</leader><controlfield tag="001">30463702</controlfield><controlfield tag="008">940519d18541858nyudn ne      0    0eng c</controlfield><datafield ind1=" " ind2=" " tag="010"><subfield code="a">sn 94057565 </subfield></datafield><datafield ind1=" " ind2=" " tag="040"><subfield code="a">NYS</subfield><subfield code="b">eng</subfield><subfield code="c">NYS</subfield><subfield code="d">OCL</subfield><subfield code="d">NYS</subfield><subfield code="d">UKMGB</subfield><subfield code="d">OCLCQ</subfield><subfield code="d">OCLCF</subfield><subfield code="d">OCLCO</subfield></datafield><datafield ind1="7" ind2=" " tag="016"><subfield code="a">013917918</subfield><subfield code="2">Uk</subfield></datafield><datafield ind1="1" ind2=" " tag="029"><subfield code="a">AU@</subfield><subfield code="b">000020231038</subfield></datafield><datafield ind1=" " ind2=" " tag="042"><subfield code="a">pcc</subfield></datafield><datafield ind1=" " ind2=" " tag="043"><subfield code="a">n-us-ny</subfield></datafield><datafield ind1="0" ind2=" " tag="130"><subfield code="a">Lockport daily advertiser (Lockport, N.Y. : 1854)</subfield></datafield><datafield ind1="1" ind2="0" tag="245"><subfield code="a">Lockport daily advertiser.</subfield></datafield><datafield ind1=" " ind2=" " tag="260"><subfield code="a">Lockport [N.Y.] :</subfield><subfield code="b">Wilber &amp; Prentiss</subfield></datafield><datafield ind1=" " ind2=" " tag="300"><subfield code="a">v. ;</subfield><subfield code="c">28-35 cm.</subfield></datafield><datafield ind1=" " ind2=" " tag="310"><subfield code="a">Daily (except Sunday)</subfield></datafield><datafield ind1="1" ind2=" " tag="362"><subfield code="a">Began in 1854.</subfield></datafield><datafield ind1=" " ind2=" " tag="580"><subfield code="a">Weekly ed.: Niagara Democrat (Lockport, N.Y. : 1844).</subfield></datafield><datafield ind1=" " ind2=" " tag="588"><subfield code="a">Description based on: Vol. 1, no. 33 (Mar. 29, 1854).</subfield></datafield><datafield ind1=" " ind2="0" tag="651"><subfield code="a">Lockport (N.Y.)</subfield><subfield code="v">Newspapers.</subfield></datafield><datafield ind1=" " ind2="0" tag="651"><subfield code="a">Niagara County (N.Y.)</subfield><subfield code="v">Newspapers.</subfield></datafield><datafield ind1=" " ind2="7" tag="655"><subfield code="a">Newspapers.</subfield><subfield code="2">fast</subfield><subfield code="0">(OCoLC)fst01423814</subfield></datafield><datafield ind1=" " ind2="7" tag="651"><subfield code="a">New York (State)</subfield><subfield code="z">Lockport.</subfield><subfield code="2">fast</subfield><subfield code="0">(OCoLC)fst01213352</subfield></datafield><datafield ind1=" " ind2="7" tag="651"><subfield code="a">New York (State)</subfield><subfield code="z">Niagara County.</subfield><subfield code="2">fast</subfield><subfield code="0">(OCoLC)fst01212284</subfield></datafield><datafield ind1=" " ind2=" " tag="752"><subfield code="a">United States</subfield><subfield code="b">New York</subfield><subfield code="c">Niagara</subfield><subfield code="d">Lockport.</subfield></datafield><datafield ind1="1" ind2=" " tag="775"><subfield code="t">Niagara Democrat (Lockport, N.Y. : 1844)</subfield><subfield code="w">(DLC)sn 94057603</subfield><subfield code="w">(OCoLC)30499755</subfield></datafield><datafield ind1="0" ind2="0" tag="785"><subfield code="t">Lockport daily advertiser and Democrat</subfield><subfield code="w">(DLC)sn 84024292</subfield><subfield code="w">(OCoLC)11092633</subfield></datafield></record>